% Encoding: UTF-8

@Article{Rodriguez2014,
  author       = {Rodriguez, Alex and Laio, Alessandro},
  title        = {Clustering by fast search and find of density peaks},
  volume       = {344},
  number       = {6191},
  pages        = {1492--1496},
  date         = {2014},
  journaltitle = {science},
  publisher    = {American Association for the Advancement of Science},
}

@Article{Fraenti2006,
  author       = {Fr{\"a}nti, Pasi and Virmajoki, Olli},
  title        = {Iterative shrinking method for clustering problems},
  volume       = {39},
  number       = {5},
  pages        = {761--775},
  date         = {2006},
  journaltitle = {Pattern Recognition},
  publisher    = {Elsevier},
}

@Article{Fu2007,
  author       = {Fu, Limin and Medico, Enzo},
  title        = {FLAME, a novel fuzzy clustering method for the analysis of DNA microarray data},
  volume       = {8},
  number       = {1},
  pages        = {1--15},
  date         = {2007},
  journaltitle = {BMC bioinformatics},
  publisher    = {BioMed Central},
}

@Article{Chang2008,
  author       = {Chang, Hong and Yeung, Dit-Yan},
  title        = {Robust path-based spectral clustering},
  volume       = {41},
  number       = {1},
  pages        = {191--203},
  date         = {2008},
  journaltitle = {Pattern Recognition},
  publisher    = {Elsevier},
}

@Article{Franti2006,
  author       = {Franti, Pasi and Virmajoki, Olli and Hautamaki, Ville},
  title        = {Fast agglomerative clustering using a k-nearest neighbor graph},
  volume       = {28},
  number       = {11},
  pages        = {1875--1881},
  date         = {2006},
  journaltitle = {IEEE transactions on pattern analysis and machine intelligence},
  publisher    = {IEEE},
}

@InCollection{Charytanowicz2010,
  author    = {Charytanowicz, Ma{\l}gorzata and Niewczas, Jerzy and Kulczycki, Piotr and Kowalski, Piotr A and {\L}ukasik, Szymon and {\.Z}ak, S{\l}awomir},
  title     = {Complete gradient clustering algorithm for features analysis of x-ray images},
  booktitle = {Information technologies in biomedicine},
  publisher = {Springer},
  pages     = {15--24},
  date      = {2010},
}

@InProceedings{Samaria1994,
  author       = {Samaria, Ferdinando S and Harter, Andy C},
  title        = {Parameterisation of a stochastic model for human face identification},
  booktitle    = {Proceedings of 1994 IEEE workshop on applications of computer vision},
  pages        = {138--142},
  organization = {IEEE},
  date         = {1994},
}

@Article{Sampat2009,
  author       = {Sampat, Mehul P and Wang, Zhou and Gupta, Shalini and Bovik, Alan Conrad and Markey, Mia K},
  title        = {Complex wavelet structural similarity: A new image similarity index},
  volume       = {18},
  number       = {11},
  pages        = {2385--2401},
  date         = {2009},
  journaltitle = {IEEE transactions on image processing},
  publisher    = {IEEE},
}

@InProceedings{Dueck2007,
  author       = {Dueck, Delbert and Frey, Brendan J},
  title        = {Non-metric affinity propagation for unsupervised image categorization},
  booktitle    = {2007 IEEE 11th International Conference on Computer Vision},
  pages        = {1--8},
  organization = {IEEE},
  date         = {2007},
}

@Article{Marinelli2009,
  author       = {Marinelli, Fabrizio and Pietrucci, Fabio and Laio, Alessandro and Piana, Stefano},
  title        = {A kinetic model of trp-cage folding from multiple biased molecular dynamics simulations},
  volume       = {5},
  number       = {8},
  pages        = {e1000452},
  date         = {2009},
  journaltitle = {PLoS Comput Biol},
  publisher    = {Public Library of Science},
}

@Article{Horenko2006,
  author       = {Horenko, Illia and Dittmer, Evelyn and Fischer, Alexander and Sch{\"u}tte, Christof},
  title        = {Automated model reduction for complex systems exhibiting metastability},
  volume       = {5},
  number       = {3},
  pages        = {802--827},
  date         = {2006},
  journaltitle = {Multiscale Modeling \& Simulation},
  publisher    = {SIAM},
}

@Article{Cheng1995,
  author       = {Cheng, Yizong},
  title        = {Mean shift, mode seeking, and clustering},
  volume       = {17},
  number       = {8},
  pages        = {790--799},
  date         = {1995},
  journaltitle = {IEEE transactions on pattern analysis and machine intelligence},
  publisher    = {IEEE},
}

@Article{Gionis2007,
  author       = {Gionis, Aristides and Mannila, Heikki and Tsaparas, Panayiotis},
  title        = {Clustering aggregation},
  volume       = {1},
  number       = {1},
  pages        = {4--es},
  date         = {2007},
  journaltitle = {Acm transactions on knowledge discovery from data (tkdd)},
  publisher    = {ACM New York, NY, USA},
}

@Article{Xu2005,
  author       = {Xu, Rui and Wunsch, Donald},
  title        = {Survey of clustering algorithms},
  volume       = {16},
  number       = {3},
  pages        = {645--678},
  date         = {2005},
  journaltitle = {IEEE Transactions on neural networks},
  publisher    = {Ieee},
}

@InProceedings{MacQueen1967,
  author       = {MacQueen, James and others},
  title        = {Some methods for classification and analysis of multivariate observations},
  booktitle    = {Proceedings of the fifth Berkeley symposium on mathematical statistics and probability},
  volume       = {1},
  number       = {14},
  pages        = {281--297},
  organization = {Oakland, CA, USA},
  date         = {1967},
}

@Book{Kaufman2009,
  title     = {Finding groups in data: an introduction to cluster analysis},
  publisher = {John Wiley \& Sons},
  author    = {Kaufman, Leonard and Rousseeuw, Peter J},
  volume    = {344},
  date      = {2009},
}

@Article{Frey2007,
  author       = {Frey, Brendan J and Dueck, Delbert},
  title        = {Clustering by passing messages between data points},
  volume       = {315},
  number       = {5814},
  pages        = {972--976},
  date         = {2007},
  journaltitle = {science},
  publisher    = {American Association for the Advancement of Science},
}

@Article{Jr1963,
  author       = {Ward Jr, Joe H},
  title        = {Hierarchical grouping to optimize an objective function},
  volume       = {58},
  number       = {301},
  pages        = {236--244},
  date         = {1963},
  journaltitle = {Journal of the American statistical association},
  publisher    = {Taylor \& Francis Group},
}

@Book{Hoeppner1999,
  title     = {Fuzzy cluster analysis: methods for classification, data analysis and image recognition},
  publisher = {John Wiley \& Sons},
  author    = {H{\"o}ppner, Frank and Klawonn, Frank and Kruse, Rudolf and Runkler, Thomas},
  date      = {1999},
}

@Article{Jain2010,
  author       = {Jain, Anil K},
  title        = {Data clustering: 50 years beyond K-means},
  volume       = {31},
  number       = {8},
  pages        = {651--666},
  date         = {2010},
  journaltitle = {Pattern recognition letters},
  publisher    = {Elsevier},
}

@Book{McLachlan2007,
  title     = {The EM algorithm and extensions},
  publisher = {John Wiley \& Sons},
  author    = {McLachlan, Geoffrey J and Krishnan, Thriyambakam},
  volume    = {382},
  date      = {2007},
}

@InProceedings{Ester1996,
  author    = {Ester, Martin and Kriegel, Hans-Peter and Sander, J{\"o}rg and Xu, Xiaowei and others},
  title     = {A density-based algorithm for discovering clusters in large spatial databases with noise.},
  booktitle = {Kdd},
  volume    = {96},
  number    = {34},
  pages     = {226--231},
  date      = {1996},
}

@Article{Fukunaga1975,
  author       = {Fukunaga, Keinosuke and Hostetler, Larry},
  title        = {The estimation of the gradient of a density function, with applications in pattern recognition},
  volume       = {21},
  number       = {1},
  pages        = {32--40},
  date         = {1975},
  journaltitle = {IEEE Transactions on information theory},
  publisher    = {IEEE},
}

@Comment{jabref-meta: databaseType:bibtex;}
