% Encoding: UTF-8

@Article{Schleicher2009,
  author       = {Schleicher, J and Costa, JC and Santos, LT and Novais, A and Tygel, M},
  title        = {On the estimation of local slopes},
  number       = {4},
  pages        = {P25--P33},
  volume       = {74},
  date         = {2009},
  journaltitle = {Geophysics},
  publisher    = {Society of Exploration Geophysicists},
  timestamp    = {2021-02-06},
}

@Article{Tenenbaum2000,
  author       = {Tenenbaum, Joshua B and De Silva, Vin and Langford, John C},
  title        = {A global geometric framework for nonlinear dimensionality reduction},
  number       = {5500},
  pages        = {2319--2323},
  volume       = {290},
  date         = {2000},
  journaltitle = {science},
  publisher    = {American Association for the Advancement of Science},
  timestamp    = {2021-02-06},
}

@Article{Toldi1989,
  author       = {Toldi, John L},
  title        = {Velocity analysis without picking},
  number       = {2},
  pages        = {191--199},
  volume       = {54},
  date         = {1989},
  journaltitle = {Geophysics},
  publisher    = {Society of Exploration Geophysicists},
  timestamp    = {2021-02-06},
}

@Article{Versteeg1994,
  author       = {Versteeg, Roelof},
  title        = {The Marmousi experience: Velocity model determination on a synthetic complex data set},
  number       = {9},
  pages        = {927--936},
  volume       = {13},
  date         = {1994},
  journaltitle = {The Leading Edge},
  publisher    = {Society of Exploration Geophysicists},
  timestamp    = {2021-02-06},
}

@Article{Wang2012,
  author       = {Wang, Yanghua},
  title        = {Reservoir characterization based on seismic spectral variations},
  number       = {6},
  pages        = {M89--M95},
  volume       = {77},
  date         = {2012},
  journaltitle = {Geophysics},
  publisher    = {Society of Exploration Geophysicists},
  timestamp    = {2021-02-06},
}

@Article{Wang2015,
  author       = {Wang, Yuchen and Lu, Wenkai and Zhang, Peng},
  title        = {An improved coherence algorithm with robust local slope estimation},
  pages        = {146--157},
  volume       = {114},
  date         = {2015},
  journaltitle = {Journal of Applied Geophysics},
  publisher    = {Elsevier},
  timestamp    = {2021-02-06},
}

@Book{Yilmaz2001,
  author    = {Yilmaz, {\"O}z},
  publisher = {Society of exploration geophysicists},
  title     = {Seismic data analysis: Processing, inversion, and interpretation of seismic data},
  date      = {2001},
  timestamp = {2021-02-06},
}

@Article{Yilmaz2001a,
  author       = {Yilmaz, {\"O}z and Tanir, Irfan and Gregory, Cyril},
  title        = {A unified 3-D seismic workflow},
  number       = {6},
  pages        = {1699--1713},
  volume       = {66},
  date         = {2001},
  journaltitle = {Geophysics},
  publisher    = {Society of Exploration Geophysicists},
  timestamp    = {2021-02-06},
}

@InProceedings{Zhang2013,
  author       = {Zhang, P and Lu, WK and Li, FY},
  booktitle    = {75th EAGE Conference \& Exhibition incorporating SPE EUROPEC 2013},
  title        = {Supertrace-based coherence algorithm with robust slope estimation},
  organization = {European Association of Geoscientists \& Engineers},
  pages        = {cp--348},
  date         = {2013},
  timestamp    = {2021-02-06},
}

@Article{Zhang2015,
  author       = {Zhang, Peng and Lu, Wenkai and Zhang, Yingqiang},
  title        = {Velocity analysis with local event slopes related probability density function},
  pages        = {177--187},
  volume       = {123},
  date         = {2015},
  journaltitle = {Journal of Applied Geophysics},
  publisher    = {Elsevier},
  timestamp    = {2021-02-06},
}

@Article{Fomel2013,
  author       = {Fomel, Sergey and Sava, Paul and Vlad, Ioan and Liu, Yang and Bashkardin, Vladimir},
  title        = {Madagascar: Open-source software project for multidimensional data analysis and reproducible computational experiments},
  number       = {1},
  volume       = {1},
  date         = {2013},
  journaltitle = {Journal of Open Research Software},
  publisher    = {Ubiquity Press},
  timestamp    = {2021-02-06},
}

@Article{Fraenti2006,
  author       = {Fr{\"a}nti, Pasi and Virmajoki, Olli},
  title        = {Iterative shrinking method for clustering problems},
  number       = {5},
  pages        = {761--775},
  volume       = {39},
  date         = {2006},
  journaltitle = {Pattern Recognition},
  publisher    = {Elsevier},
  timestamp    = {2021-02-06},
}

@Misc{Gonzalez2002,
  author    = {Gonzalez, Rafael C and Woods, Richard E and others},
  title     = {Digital image processing},
  date      = {2002},
  publisher = {Prentice hall Upper Saddle River, NJ},
  timestamp = {2021-02-06},
}

@Article{Hamerly2004,
  author       = {Hamerly, Greg and Elkan, Charles},
  title        = {Learning the k in k-means},
  pages        = {281--288},
  volume       = {16},
  date         = {2004},
  journaltitle = {Advances in neural information processing systems},
  publisher    = {MIT Press},
  timestamp    = {2021-02-06},
}

@Article{Lambare2008,
  author       = {Lambar{\'e}, Gilles},
  title        = {Stereotomography},
  number       = {5},
  pages        = {VE25--VE34},
  volume       = {73},
  date         = {2008},
  journaltitle = {Geophysics},
  publisher    = {Society of Exploration Geophysicists},
  timestamp    = {2021-02-06},
}

@Article{Lu2014,
  author       = {Lu, Wenkai and Yingqiang, Zhang and Boran, Zhen},
  title        = {Automatic source localization of diffracted seismic noise in shallow water},
  number       = {2},
  pages        = {V23--V31},
  volume       = {79},
  date         = {2014},
  journaltitle = {Geophysics},
  publisher    = {Society of Exploration Geophysicists},
  timestamp    = {2021-02-06},
}

@InProceedings{Muhr2009,
  author       = {Muhr, Markus and Granitzer, Michael},
  booktitle    = {2009 20th International Workshop on Database and Expert Systems Application},
  title        = {Automatic cluster number selection using a split and merge k-means approach},
  organization = {IEEE},
  pages        = {363--367},
  date         = {2009},
  timestamp    = {2021-02-06},
}

@Article{Rodriguez2014,
  author       = {Rodriguez, Alex and Laio, Alessandro},
  title        = {Clustering by fast search and find of density peaks},
  number       = {6191},
  pages        = {1492--1496},
  volume       = {344},
  date         = {2014},
  journaltitle = {science},
  publisher    = {American Association for the Advancement of Science},
  timestamp    = {2021-02-06},
}

@InProceedings{Satish2010,
  author    = {Satish, Nadathur and Kim, Changkyu and Chhugani, Jatin and Nguyen, Anthony D and Lee, Victor W and Kim, Daehyun and Dubey, Pradeep},
  booktitle = {Proceedings of the 2010 ACM SIGMOD International Conference on Management of data},
  title     = {Fast sort on CPUs and GPUs: a case for bandwidth oblivious SIMD sort},
  pages     = {351--362},
  date      = {2010},
  timestamp = {2021-02-06},
}

@Article{Schleicher2008,
  author       = {Schleicher, J and Costa, JC and Novais, A},
  title        = {Time-migration velocity analysis by image-wave propagation of common-image gathers},
  number       = {5},
  pages        = {VE161--VE171},
  volume       = {73},
  date         = {2008},
  journaltitle = {Geophysics},
  publisher    = {Society of Exploration Geophysicists},
  timestamp    = {2021-02-06},
}

@Book{Bishop2006,
  author    = {Bishop, Christopher M},
  publisher = {springer},
  title     = {Pattern recognition and machine learning},
  date      = {2006},
  timestamp = {2021-02-06},
}

@InProceedings{Burnett2011,
  author       = {Burnett, WA and Fomel, S},
  booktitle    = {73rd EAGE Conference and Exhibition incorporating SPE EUROPEC 2011},
  title        = {Diffraction Imaging Using 3D Azimuthally-anisotropic Velocity Continuation},
  organization = {European Association of Geoscientists \& Engineers},
  pages        = {cp--238},
  date         = {2011},
  timestamp    = {2021-02-06},
}

@Article{Chen2013,
  author       = {Chen, Zhonghuan and Fomel, Sergey and Lu, Wenkai},
  title        = {Accelerated plane-wave destruction},
  number       = {1},
  pages        = {V1--V9},
  volume       = {78},
  date         = {2013},
  journaltitle = {Geophysics},
  publisher    = {Society of Exploration Geophysicists},
  timestamp    = {2021-02-06},
}

@Article{Chen2013a,
  author       = {Chen, Zhonghuan and Fomel, Sergey and Lu, Wenkai},
  title        = {Omnidirectional plane-wave destruction},
  number       = {5},
  pages        = {V171--V179},
  volume       = {78},
  date         = {2013},
  journaltitle = {Geophysics},
  publisher    = {Society of Exploration Geophysicists},
  timestamp    = {2021-02-06},
}

@Article{Cooke2009,
  author       = {Cooke, Dennis and B{\'o}na, Andrej and Hansen, Benn},
  title        = {Simultaneous time imaging, velocity estimation, and multiple suppression using local event slopes},
  number       = {6},
  pages        = {WCA65--WCA73},
  volume       = {74},
  date         = {2009},
  journaltitle = {Geophysics},
  publisher    = {Society of Exploration Geophysicists},
  timestamp    = {2021-02-06},
}

@Article{Fomel2002,
  author       = {Fomel, Sergey},
  title        = {Applications of plane-wave destruction filters},
  number       = {6},
  pages        = {1946--1960},
  volume       = {67},
  date         = {2002},
  journaltitle = {Geophysics},
  publisher    = {Society of Exploration Geophysicists},
  timestamp    = {2021-02-06},
}

@Article{Fomel2003,
  author       = {Fomel, Sergey},
  title        = {Time-migration velocity analysis by velocity continuation},
  number       = {5},
  pages        = {1662--1672},
  volume       = {68},
  date         = {2003},
  journaltitle = {Geophysics},
  publisher    = {Society of Exploration Geophysicists},
  timestamp    = {2021-02-06},
}

@Article{Fomel2007,
  author       = {Fomel, Sergey},
  title        = {Velocity-independent time-domain seismic imaging using local event slopes},
  number       = {3},
  pages        = {S139--S147},
  volume       = {72},
  date         = {2007},
  journaltitle = {Geophysics},
  publisher    = {Society of Exploration Geophysicists},
  timestamp    = {2021-02-06},
}

@Article{Fomel2009,
  author       = {Fomel, Sergey},
  title        = {Velocity analysis using AB semblance},
  number       = {3},
  pages        = {311--321},
  volume       = {57},
  date         = {2009},
  journaltitle = {Geophysical Prospecting},
  publisher    = {European Association of Geoscientists \& Engineers},
  timestamp    = {2021-02-06},
}

@Article{Fomel2014,
  author       = {Fomel, Sergey and Landa, Evgeny},
  title        = {Structural uncertainty of time-migrated seismic images},
  pages        = {27--30},
  volume       = {101},
  date         = {2014},
  journaltitle = {Journal of Applied Geophysics},
  publisher    = {Elsevier},
  timestamp    = {2021-02-06},
}

@Article{Adler2002,
  author       = {Adler, Frank},
  title        = {Kirchhoff image propagation},
  number       = {1},
  pages        = {126--134},
  volume       = {67},
  date         = {2002},
  journaltitle = {Geophysics},
  publisher    = {Society of Exploration Geophysicists},
  timestamp    = {2021-02-06},
}

@Article{Alkhalifah2000,
  author       = {Alkhalifah, Tariq},
  title        = {Prestack phase-shift migration of separate offsets},
  number       = {4},
  pages        = {1179--1194},
  volume       = {65},
  date         = {2000},
  journaltitle = {Geophysics},
  publisher    = {Society of Exploration Geophysicists},
  timestamp    = {2021-02-06},
}

@Article{Alkhalifah2000a,
  author       = {Alkhalifah, Tariq},
  title        = {The offset-midpoint traveltime pyramid in transversely isotropic media},
  number       = {4},
  pages        = {1316--1325},
  volume       = {65},
  date         = {2000},
  journaltitle = {Geophysics},
  publisher    = {Society of Exploration Geophysicists},
  timestamp    = {2021-02-06},
}

@Article{Alkhalifah2011,
  author       = {Alkhalifah, Tariq and Fomel, Sergey},
  title        = {The basic components of residual migration in VTI media using anisotropy continuation},
  number       = {1},
  pages        = {17--22},
  volume       = {1},
  date         = {2011},
  journaltitle = {Journal of Petroleum Exploration and Production Technology},
  publisher    = {Springer},
  timestamp    = {2021-02-06},
}

@Article{Barnes1996,
  author       = {Barnes, Arthur E},
  title        = {Theory of 2-D complex seismic trace analysis},
  number       = {1},
  pages        = {264--272},
  volume       = {61},
  date         = {1996},
  journaltitle = {Geophysics},
  publisher    = {Society of Exploration Geophysicists},
  timestamp    = {2021-02-06},
}

@Article{Billette1998,
  author       = {Billette, Fr{\'e}d{\'e}ric and Lambar{\'e}, Gilles},
  title        = {Velocity macro-model estimation from seismic reflection data by stereotomography},
  number       = {2},
  pages        = {671--690},
  volume       = {135},
  date         = {1998},
  journaltitle = {Geophysical Journal International},
  publisher    = {Blackwell Science Ltd Oxford, UK},
  timestamp    = {2021-02-06},
}

@Misc{Claerbout1995,
  author    = {Claerbout, JF},
  title     = {Basic earth imaging: Stanford Exploration Project},
  date      = {1995},
  timestamp = {2021-02-06},
}

@Article{Ottolini1983,
  author       = {Ottolini, Richard},
  title        = {Velocity independent seismic imaging},
  pages        = {59--68},
  volume       = {37},
  date         = {1983},
  journaltitle = {Stanford Exploration Project},
  publisher    = {The Project},
  timestamp    = {2021-02-06},
}

@Article{Casasanta2011,
  author       = {Casasanta, Lorenzo and Fomel, Sergey},
  title        = {Velocity-independent τ-p moveout in a horizontally layered VTI medium},
  date         = {2011},
  journaltitle = {Geophysics},
  timestamp    = {2021-02-06},
}

@Article{Zhang2016,
  author       = {Zhang, Peng and Lu, Wenkai},
  title        = {Automatic time-domain velocity estimation based on an accelerated clustering method},
  number       = {4},
  pages        = {U13--U23},
  volume       = {81},
  date         = {2016},
  journaltitle = {Geophysics},
  publisher    = {Society of Exploration Geophysicists},
  timestamp    = {2021-02-06},
}

@Comment{jabref-meta: databaseType:bibtex;}
